@article{adams2005communication,
  title={Communication medium and member familiarity: The effects on decision time, accuracy, and satisfaction},
  author={Adams, Susan J and Roch, Sylvia G and Ayman, Roya},
  journal={Small group research},
  volume={36},
  number={3},
  pages={321--353},
  year={2005},
  publisher={Sage Publications Sage CA: T,ousand Oaks, CA},
  DOI={https://doi.org/10.1177/1046496405275232},
}

@article{almirall2014open,
  title={Open innovation requires integrated competition-community ecosystems: Lessons learned from civic open innovation},
  author={Almirall, Esteve and Lee, Melissa and Majchrzak, Ann},
  journal={Business horizons},
  volume={57},
  number={3},
  pages={391--400},
  year={2014},
  publisher={Elsevier},
  DOI={https://doi.org/10.1016/j.bushor.2013.12.009},
}

@inproceedings{anslow2016datathons,
  title={Datathons: an experience report of data hackathons for data science education},
  author={Anslow, Craig and Brosz, John and Maurer, Frank and Boyes, Mike},
  booktitle={Proceedings of the 47th ACM Technical Symposium on Computing Science Education},
  pages={615--620},
  year={2016},
  DOI={https://doi.org/10.1145/2839509.2844568},
}

@inproceedings{baccarne2015exploring,
  title = "Exploring hackathons: Civic vs. product innovation hackathons",
  author = "Baccarne, Bastiaan and Van Compernolle, Mathias and Mechant, Peter",
  booktitle = "i3 Conference 2015: Participating in innovation, innovating in participation",
  year = "2015",
  DOI = "http://hdl.handle.net/1854/LU-7033553"
}

@inproceedings{bailey2010s,
  title={What's your idea? A case study of a grassroots innovation pipeline within a large software company},
  author={Bailey, Brian P and Horvitz, Eric},
  booktitle={Proceedings of the SIGCHI Conference on Human Factors in Computing Systems},
  pages={2065--2074},
  year={2010},
  DOI={https://doi.org/10.1145/1753326.1753641},
}

@article{bechky2006gaffers,
  title ={Gaffers, gofers, and grips: Role-based coordination in temporary organizations},
  author ={Bechky, Beth A},
  journal ={Organization science},
  volume ={17},
  number ={1},
  pages  ={3--21},
  year ={2006},
  publisher ={INFORMS},
  DOI ={https://doi.org/10.1287/orsc.1050.0149},
}

@article{bjelland2008inside,
  title={An inside view of IBM's' Innovation Jam'},
  author={Bjelland, Osvald M and Wood, Robert Chapman},
  journal={MIT Sloan management review},
  volume={50},
  number={1},
  pages={32},
  year={2008},
  publisher={Massachusetts Institute of Technology, Cambridge, MA},
  DOI={Retrieved from https://search.proquest.com/docview/224960315?accountid=9902},
}

@article{bowen2006grounded,
  title={Grounded theory and sensitizing concepts},
  author={Bowen, Glenn A},
  journal={International journal of qualitative methods},
  volume={5},
  number={3},
  pages={12--23},
  year={2006},
  publisher={SAGE Publications Sage CA: Los Angeles, CA},
  DOI={https://doi.org/10.1177/160940690600500304},
}

@article{briscoe2014digital,
  title={Digital innovation: The hackathon phenomenon},
  author={Briscoe, Gerard},
  year={2014},
  DOI={Retrieved from https://qmro.qmul.ac.uk/xmlui/bitstream/handle/123456789/11418/Briscoe%20Digital%20Innovation:%20The%20Hackathon%20Phenomenon%202014%20Published.pdf?sequence=2},
}

@article{bryan1974goal,
  title={Goal Setting as a means of increasing Motivation'},
  author={Bryan, Judith F and Locke, Edwin A},
  journal={Development of Volitional Competence},
  volume={51},
  number={3},
  pages={184},
  year={1974},
  publisher={Ardent Media},
  DOI={},
}

@article{busby2016closing,
  title={Closing gaps between open software and public data in a hackathon setting: user-centered software prototyping},
  author={Busby, Ben and Matthew Lesko, August and others},
  journal={F1000Research},
  volume={5},
  year={2016},
  publisher={Faculty of 1000 Ltd},
  DOI={https://doi.org/10.12688/f1000research.8382.2},
}

@article{carruthers2014open,
  title={Open data day hackathon 2014 at edmonton public library},
  author={Carruthers, Alex},
  journal={Partnership: The Canadian Journal of Library and Information Practice and Research},
  volume={9},
  number={2},
  year={2014},
  DOI={https://doi.org/10.21083/partnership.v9i2.3121},
}

@inproceedings{christensen2014relation,
  title={Relation work in collocated and distributed collaboration},
  author={Christensen, Lars Rune and Jensen, Rasmus Eskild and Bj{\o}rn, Pernille},
  booktitle={COOP 2014-Proceedings of the 11th International Conference on the Design of Cooperative Systems, 27-30 May 2014, Nice (France)},
  pages={87--101},
  year={2014},
  organization={Springer},
  DOI={https://doi.org/10.1007/978-3-319-06498-7_6},
}

@inproceedings{ciaghi2016hacking,
  title={Hacking for Southern Africa: Collaborative development of hyperlocal services for marginalised communities},
  author={Ciaghi, Aaron and Chatikobo, Tatenda and Dalvit, Lorenzo and Indrajith, Darsha and Miya, Mfundiso and Molini, Pietro Benedetto and Villafiorita, Adolfo},
  booktitle={2016 IST-Africa Week Conference},
  pages={1--9},
  year={2016},
  organization={IEEE},
  DOI={https://doi.org/10.1109/ISTAFRICA.2016.7530656},
}

@article{cobham2017hackathon,
  title={From hackathon to student enterprise: an evaluation of creating successful and sustainable student entrepreneurial activity initiated by a university hackathon},
  author={Cobham, David and Hargrave, Bruce and Jacques, Kevin and Gowan, Carl and Laurel, Jack and Ringham, Scott and others},
  year={2017},
  publisher={EDULEARN},
  DOI={http://eprints.lincoln.ac.uk/id/eprint/25872/},
}

@article{cobham2017appfest,
  title={From appfest to entrepreneurs: using a hackathon event to seed a university student-led enterprise},
  author={Cobham, David and Jacques, Kevin and Gowan, Carl and Laurel, Jack and Ringham, Scott and others},
  year={2017},
  DOI={http://eprints.lincoln.ac.uk/id/eprint/25873/},
}

@book{corbin2014basics,
  title={Basics of qualitative research: Techniques and procedures for developing grounded theory},
  author={Corbin, Juliet and Strauss, Anselm},
  year={2014},
  publisher={Sage publications},
}

@article{cramton2001mutual,
  title={The mutual knowledge problem and its consequences for dispersed collaboration},
  author={Cramton, Catherine Durnell},
  journal={Organization science},
  volume={12},
  number={3},
  pages={346--371},
  year={2001},
  publisher={INFORMS},
  DOI={https://doi.org/10.1287/orsc.12.3.346.10098},
}

@article{prusak2001supporting,
  title={Supporting knowledge creation and sharing in social networks},
  author={Prusak, RCAPL and Borgatti, Stephen P},
  journal={Organizational dynamics},
  volume={30},
  number={2},
  pages={100--120},
  year={2001},
  DOI={},
}

@inproceedings{decker2015understanding,
  title={Understanding and improving the culture of hackathons: Think global hack local},
  author={Decker, Adrienne and Eiselt, Kurt and Voll, Kimberly},
  booktitle={2015 IEEE Frontiers in Education Conference (FIE)},
  pages={1--8},
  year={2015},
  organization={IEEE},
  DOI={https://doi.org/10.1109/FIE.2015.7344211},
}

@article{eisenhardt1989building,
  title={Building theories from case study research},
  author={Eisenhardt, Kathleen M},
  journal={Academy of management review},
  volume={14},
  number={4},
  pages={532--550},
  year={1989},
  publisher={Academy of management Briarcliff Manor, NY 10510},
  DOI={https://doi.org/10.5465/amr.1989.4308385},
}

@article{espinosa2007familiarity,
  title={Familiarity, complexity, and team performance in geographically distributed software development},
  author={Espinosa, J Alberto and Slaughter, Sandra A and Kraut, Robert E and Herbsleb, James D},
  journal={Organization science},
  volume={18},
  number={4},
  pages={613--630},
  year={2007},
  publisher={INFORMS},
  DOI={https://doi.org/10.1287/orsc.1070.0297},
}

@inproceedings{farzan2016bring,
  title={Bring on board new enthusiasts! A case study of impact of Wikipedia art+ feminism edit-a-thon events on newcomers},
  author={Farzan, Rosta and Savage, Saiph and Saviaga, Claudia Flores},
  booktitle={International Conference on Social Informatics},
  pages={24--40},
  year={2016},
  organization={Springer},
  DOI={https://doi.org/10.1007/978-3-319-47880-7_2},
}

@inproceedings{filippova2017diversity,
  title={From diversity by numbers to diversity as process: supporting inclusiveness in software development teams with brainstorming},
  author={Filippova, Anna and Trainer, Erik and Herbsleb, James D},
  booktitle={2017 IEEE/ACM 39th International Conference on Software Engineering (ICSE)},
  pages={152--163},
  year={2017},
  organization={IEEE},
  DOI={https://doi.org/10.1109/ICSE.2017.22},
}

@inproceedings{fowler2016informal,
  title={Informal stem learning in game jams, hackathons and game creation events},
  author={Fowler, Allan},
  booktitle={Proceedings of the International Conference on Game Jams, Hackathons, and Game Creation Events},
  pages={38--41},
  year={2016},
  DOI={https://doi.org/10.1145/2897167.2897179},
}

@inproceedings{frey2016innovation,
  title={The innovation-driven hackathon: one means for accelerating innovation},
  author={Frey, Frank J and Luks, Michael},
  booktitle={Proceedings of the 21st European Conference on Pattern Languages of Programs},
  pages={1--11},
  year={2016},
  DOI={https://doi.org/10.1145/3011784.3011794},
}

@article{gibson2014understanding,
  title={Understanding the role of networking in organizations},
  author={Gibson, Carter and Hardy III, Jay H and Buckley, M Ronald},
  journal={Career Development International},
  year={2014},
  publisher={Emerald Group Publishing Limited},
  DOI={https://doi.org/10.1108/CDI-09-2013-0111},
}

@article{goodman1991familiarity,
  title={Familiarity and group productivity.},
  author={Goodman, Paul S and Leyden, Dennis P},
  journal={Journal of applied psychology},
  volume={76},
  number={4},
  pages={578},
  year={1991},
  publisher={American Psychological Association},
  DOI={https://doi.org/10.1037/0021-9010.76.4.578},
}

@inproceedings{guerrero2016analysis,
  title={Analysis of the results of a hackathon in the context of service-learning involving students and professionals},
  author={Guerrero, Carlos and del Mar Leza, M and Gonz{\'a}lez, Yolanda and Jaume-i-Cap{\'o}, Antoni},
  booktitle={2016 International Symposium on Computers in Education (SIIE)},
  pages={1--6},
  year={2016},
  organization={IEEE},
  DOI={https://doi.org/10.1109/SIIE.2016.7751857},
}

@incollection{hartmann2019innovation,
  title={Innovation contests: How to engage citizens in solving urban problems?},
  author={Hartmann, Sarah and Mainka, Agnes and Stock, Wolfgang G},
  booktitle={Civic engagement and politics: concepts, methodologies, tools, and applications},
  pages={58--77},
  year={2019},
  publisher={IGI Global},
  DOI={https://doi.org/10.4018/978-1-5225-7669-3.ch004},
}

@article{herbsleb2003empirical,
title ={An empirical study of speed and communication in globally distributed software development},
author ={Herbsleb, James D. and Mockus, Audris},
journal ={IEEE Transactions on software engineering},
volume ={29},
number ={6},
pages ={481--494},
year ={2003},
publisher ={IEEE},
DOI ={https://doi.org/10.1109/TSE.2003.1205177},
}

@inproceedings{helander2007looking,
  title={Looking for great ideas: Analyzing the innovation jam},
  author={Helander, Mary and Lawrence, Rick and Liu, Yan and Perlich, Claudia and Reddy, Chandan and Rosset, Saharon},
  booktitle={Proceedings of the 9th WebKDD and 1st SNA-KDD 2007 workshop on Web mining and social network analysis},
  pages={66--73},
  year={2007},
  DOI={https://doi.org/10.1145/1348549.1348557},
}

@article{henderson2015getting,
  title={Getting the most out of hackathons for social good},
  author={Henderson, Scott},
  journal={Volunteer ENGAGEMENT 2.0: Ideas and insights changing the world},
  pages={182--194},
  year={2015},
  publisher={Wiley Online Library},
  DOI={https://doi.org/10.1002/9781119154792.ch14},
}

@article{hinds2014situated,
  title={Situated coworker familiarity: How site visits transform relationships among distributed workers},
  author={Hinds, Pamela J and Cramton, Catherine Durnell},
  journal={Organization Science},
  volume={25},
  number={3},
  pages={794--814},
  year={2014},
  publisher={Informs},
  DOI={https://doi.org/10.1287/orsc.2013.0869},
}

@inproceedings{hjalmarsson2012designing,
  title={Designing digital innovation contests},
  author={Hjalmarsson, Anders and Rudmark, Daniel},
  booktitle={International Conference on Design Science Research in Information Systems},
  pages={9--27},
  year={2012},
  organization={Springer},
  DOI={https://doi.org/10.1007/978-3-642-29863-9_2},
}

@inproceedings{hoang2016ibm,
  title={IBM 2016 community hackathon},
  author={Hoang, Chinh and Liu, John and Bokhari, Zubaid and Chan, Allen},
  booktitle={Proceedings of the 26th Annual International Conference on Computer Science and Software Engineering},
  pages={331--332},
  year={2016},
  DOI={https://dl.acm.org/doi/abs/10.5555/3049877.3049928},
}

@inproceedings{howison2011scientific,
  title={Scientific software production: incentives and collaboration},
  author={Howison, James and Herbsleb, James D},
  booktitle={Proceedings of the ACM 2011 conference on Computer supported cooperative work},
  pages={513--522},
  year={2011},
  DOI={https://doi.org/10.1145/1958824.1958904},
}

@article{kienzler2017learning,
  title={Learning through inquiry: A global health hackathon},
  author={Kienzler, Hanna and Fontanesi, Carolyn},
  journal={Teaching in Higher Education},
  volume={22},
  number={2},
  pages={129--142},
  year={2017},
  publisher={Routledge},
  DOI={https://doi.org/10.1080/13562517.2016.1221805},
}

@article{komssi2014hackathons,
  title={What are hackathons for?},
  author={Komssi, Marko and Pichlis, Danielle and Raatikainen, Mikko and Kindstr{\"o}m, Klas and J{\"a}rvinen, Janne},
  journal={IEEE Software},
  volume={32},
  number={5},
  pages={60--67},
  year={2014},
  publisher={IEEE},
  DOI={https://doi.org/10.1109/MS.2014.78},
}

@article{kristof2001goal,
  title={Goal congruence in project teams: Does the fit between members' personal mastery and performance goals matter?},
  author={Kristof-Brown, Amy L and Stevens, Cynthia Kay},
  journal={Journal of applied psychology},
  volume={86},
  number={6},
  pages={1083},
  year={2001},
  publisher={American Psychological Association},
  DOI={https://doi.org/10.1037/0021-9010.86.6.1083},
}

@article{ladouceur1986familiarity,
  title={Familiarity, group exposure, and risk-taking behavior in gambling},
  author={Ladouceur, Robert and Tourigny, Marc and Mayrand, Marie},
  journal={The Journal of psychology},
  volume={120},
  number={1},
  pages={45--49},
  year={1986},
  publisher={Taylor \& Francis},
  DOI={https://doi.org/10.1080/00223980.1986.9712614},
}

@article{balhoff20072006,
  title={The 2006 NESCent Phyloinformatics Hackathon: A Field Report},
  author={Balhoff, James and Holland, Richard and Vilella, Albert J and Epigenetix, Cambridge and Vision, Todd},
  journal={Evolutionary Bioinformatics},
  volume={3},
  pages={1--10},
  year={2007},
  DOI={https://doi.org/10.1177/117693430700300016},
}

@article{lara2016hackathons,
  title={Hackathons as community-based learning: a case study},
  author={Lara, Miguel and Lockwood, Kate},
  journal={TechTrends},
  volume={60},
  number={5},
  pages={486--495},
  year={2016},
  publisher={Springer},
  DOI={https://doi.org/10.1007/s11528-016-0101-0},
}

@article{leclair2015hackathons,
  title={Hackathons: A jump start for innovation},
  author={Leclair, Phillip},
  journal={Public Manager},
  volume={44},
  number={1},
  pages={12},
  year={2015},
  publisher={Association for Talent Development},
  DOI={https://search.proquest.com/docview/1688353656?accountid=9902},
}

@inproceedings{lee2017exploring,
  title={Exploring coordination models for ad hoc programming teams},
  author={Lee, Sang Won and Chen, Yan and Klugman, Noah and Gouravajhala, Sai R and Chen, Angela and Lasecki, Walter S},
  booktitle={Proceedings of the 2017 CHI Conference Extended Abstracts on Human Factors in Computing Systems},
  pages={2738--2745},
  year={2017},
  DOI={https://doi.org/10.1145/3027063.3053268},
}

@article{locke1986familiarity,
  title={Toward a theory of task motivation and incentives},
  author={Locke, Edwin A.},
  journal={Organizational behavior and human performance},
  volume={3},
  number={2},
  pages={157--189},
  year={1986},
  publisher={Taylor \& Francis},
  DOI={https://doi.org/10.1080/00223980.1986.9712614},
}

@inproceedings{pe2019understanding,
  title={Understanding Hackathons for Science: Collaboration, Affordances, and Outcomes},
  author={Pe-Than, Ei Pa Pa and Herbsleb, James D},
  booktitle={International Conference on Information},
  pages={27--37},
  year={2019},
  organization={Springer}
}

@article{10.1145/3274398,
author = {Nolte, Alexander and Pe-Than, Ei Pa Pa and Filippova, Anna and Bird, Christian and Scallen, Steve and Herbsleb, James D.},
title = {You Hacked and Now What? - Exploring Outcomes of a Corporate Hackathon},
year = {2018},
issue_date = {November 2018},
publisher = {Association for Computing Machinery},
address = {New York, NY, USA},
volume = {2},
number = {CSCW},
url = {https://doi.org/10.1145/3274398},
doi = {10.1145/3274398},
journal = {Proc. ACM Hum.-Comput. Interact.},
month = nov,
articleno = {129},
numpages = {23},
keywords = {hackathon, learning, project sustainability, innovation}
}

@ARTICLE{8409916,
  author={E. P. P. {Pe-Than} and A. {Nolte} and A. {Filippova} and C. {Bird} and S. {Scallen} and J. D. {Herbsleb}},
  journal={IEEE Software}, 
  title={Designing Corporate Hackathons With a Purpose: The Future of Software Development}, 
  year={2019},
  volume={36},
  number={1},
  pages={15-22},}


% Examples
@article{einstein,
  author =       "Albert Einstein",
  title =        "{Zur Elektrodynamik bewegter K{\"o}rper}. ({German})
                 [{On} the electrodynamics of moving bodies]",
  journal =      "Annalen der Physik",
  volume =       "322",
  number =       "10",
  pages =        "891--921",
  year =         "1905",
  DOI =          "http://dx.doi.org/10.1002/andp.19053221004",
  keywords =     "physics"
}

@book{dirac,
  title={The Principles of Quantum Mechanics},
  author={Paul Adrien Maurice Dirac},
  isbn={9780198520115},
  series={International series of monographs on physics},
  year={1981},
  publisher={Clarendon Press},
  keywords = {physics}
}

@book{latexcompanion,
    author    = "Michel Goossens and Frank Mittelbach and Alexander Samarin",
    title     = "The \LaTeX\ Companion",
    year      = "1993",
    publisher = "Addison-Wesley",
    address   = "Reading, Massachusetts",
    keywords  = "latex"
}
 
@online{knuthwebsite,
    author    = "Donald Knuth",
    title     = "Knuth: Computers and Typesetting",
    url       = "http://www-cs-faculty.stanford.edu/~uno/abcde.html",
    keywords  = "latex,knuth"
}

@inbook{knuth-fa,
   author = "Donald E. Knuth",
   title = "Fundamental Algorithms",
   publisher = "Addison-Wesley",
   year = "1973",
   chapter = "1.2",
   keywords  = "knuth,programming"
}

@book{knuth-acp,
   author = "Donald E. Knuth",
   publisher = "Addison-Wesley",
   title = "The Art of Computer Programming",
   series = "Four volumes",
   year = "1968",
   note = "Seven volumes planned",
   keywords  = "knuth,programming"
}

@article{ctan,
    author  = "George D. Greenwade",
    title   = "The {C}omprehensive {T}ex {A}rchive {N}etwork ({CTAN})",
    year    = "1993",
    journal = "TUGBoat",
    volume  = "14",
    number  = "3",
    pages   = "342--351",
    keywords  = "latex"
}